@book{parser,
Author = {Kübler, Sandra},
ISBN = {9789027249913},
Number = {v. 7},
Publisher = {John Benjamins Publishing Company},
Series = {Natural Language Processing},
Title = {Memory-based Parsing.},
Year = {2004},
}

@book{scheduler,
Author = {Bharadwaj, Raghu},
ISBN = {9781785883057},
Publisher = {Packt Publishing},
Title = {Mastering Linux Kernel Development : A Kernel Developer's Reference Manual.},
Year = {2017},
}


@web_page{hilwikipedia,
   title = {Hardware in the Loop - Wikipedia Eintrag},
   url = {https://de.wikipedia.org/wiki/Hardware_in_the_Loop},
   date = {2022-04-25},
}
@web_page{fehler,
   url = {https://ap-verlag.de/die-groessten-kostenfallen-in-der-softwareentwicklung-und-was-man-dagegen-tun-kann/58993/},
   title = {Die größten Kostenfallen - AP Verlag},
   date = {2022-04-25},
}
@web_page{tptwikipedia,
   title = {TPT - Wikipedia Eintrag},
   url = {https://de.wikipedia.org/wiki/TPT_(Software)},
   date = {2022-04-25},
}
@web_page{piketecwebseite,
   title = {TPT - PikeTec Webseite},
   url = {https://piketec.com/de/tpt/},
   date = {2022-04-25},
}
@web_page{dynamischeanalyse2,
   title = {Statische Analyse und Dynamischer Test: Wo liegen die Stärken und Schwächen?},
   url = {https://heicon-ulm.de/statische-analyse-und-dynamischer-test-wo-liegen-die-staerken-und-schwaechen/},
   date = {2022-04-25},
}
@web_page{dynamischeanalyse1,
   title = {Gegenüberstellung und Bewertung verschiedener Testentwurfsverfahren},
   url = {https://heicon-ulm.de/gegenueberstellung-und-bewertung-verschiedener-testentwurfsverfahren/},
   date = {2022-04-25},
}

@book{java,
   abstract = {Auf dem Umschlag: Programmieren mit der Java Platform, Standard Edition 8, Java von A bis Z: Einführung, Praxis, Referenz, von Klassen und Objekten zu Datenstrukturen und Algorithmen, aktuell zu Java 8 ; Erste Insel.},
   author = {Christian Ullenboom},
   isbn = {978-3-8362-4119-9},
   publisher = {Rheinwerk Computing},
   keywords = {Java Standard Edition 8},
   title = {Java ist auch eine Insel. Einführung, Ausbildung, Praxis},
   year = {2016},
}

@web_page{eigequi2,
   title = {Transitive Relation - Wikipedia Eintrag},
   date = {2022-04-23},
   url = {https://de.wikipedia.org/wiki/Transitive_Relation},
}
@web_page{eigequi1,
   title = {Relationen - Theoretische Informatik},
   url = {www.theoretische-informatik.com/relationen},
   date = {2022-04-23},
}

@book{integration,
   author = {Mario Winter and Mohsen Ekssir-Monfared and Harry M. Sneed and Richard Seidl and Lars Borner},
   isbn = {9783446429512},
   journal = {Der Integrationstest},
   title = {Der Integrationstest},
   publisher = {Hanser Fachbuchverlag},
   year = {2012},
}

@book{agiletesting,
   author = {Rex Black and Gerry Coleman},
   title = {Agile Testing Foundations},
   year = {2017},
   isbn = {1780173369},
   Publisher = {BCS Learning and Development},
}
@report{silest,
   author = {Olaf Maibaum and Anita Herrmann and Holger Schumann and Axel Berres and Roland Serway and Sven Rebeschieß and Clemens Gühmann and Thomas Liebezeit and Uzmee Bazarsuren and Sergio Montenegro and Jens Geppert and Ioan Ionescu},
   title = {Abschlussbericht des Projekts SiLEST (Software in the Loop for Embedded Software Test) in der BMBF-Forschungsoffensive Software Engineering 2006},
   year = {2004},
}
@report{tpttutorial,
   author = {TPT},
   title = {TPT Tutorial},
   date = {2022-01-15},
}
@web_page{tptsut,
   author = {TPT},
   title = {TPT or SUT synchronous Test Execution},
   url = {https://files.piketec.com/downloads/releases/TPT17/manuals/Content/Test%20Execution/TPT%20or%20SUT%20synchronous%20Test%20Execution.htm},
   date = {2022-04-07},
}
@report{userguide,
   author = {TPT},
   title = {User Guide},
   date = {2022-04-04},
}
@web_page{zf,
   title = {ZF Webseite},
   url = {https://www.zf.com/mobile/de/company/company.html},
   date = {2022-02-02},
}
@book{equimaths,
   author = {Siegfried Bosch},
   city = {Berlin, Heidelberg},
   isbn = {978-3-642-55259-5},
   publisher = {Springer Berlin Heidelberg},
   title = {Lineare Algebra},
   year = {2014},
}
@report{tpt,
   author = {Eckard Lehmann},
   title = {Time Partition Testing-Systematischer Test des kontinuierlichen Verhaltens von eingebetteten Systemen - Dissertation},
   year = {2003},
}
@book{equiinformatic,
   author = {Andreas Spillner and Tilo Linz},
   title = {Basiswissen Softwaretest},
   publisher = {dpunkt.verlag},
   year = {2012},
   city = {Heidelberg},
   isbn = {9783864900242}
}
@report{quicktestlog,
   author = {ZF},
   title = {Quicktest.log},
   city = {Schweinfurt},
   date = {2022-01-20},
}
@report{quicktestc,
   author = {ZF},
   title = {Quicktest.c},
   city = {Schweinfurt},
   date = {2022-03-07},
}
@report{datafield,
   author = {ZF},
   title = {Datafield.xml},
   city = {Schweinfurt},
   date = {2022-03-07},
}
